%% This BibTeX bibliography file was created using BibDesk.
%% http://bibdesk.sourceforge.net/

%% Created for Jerry Chen at 2017-12-10 21:47:54 -0800 


%% Saved with string encoding Unicode (UTF-8) 



@article{1,
	Archiveprefix = {arXiv},
	Author = {Johan Bollen and Huina Mao and Xiao{-}Jun Zeng},
	Bibsource = {dblp computer science bibliography, http://dblp.org},
	Biburl = {http://dblp.org/rec/bib/journals/corr/abs-1010-3003},
	Date-Added = {2017-12-11 05:47:40 +0000},
	Date-Modified = {2017-12-11 05:47:48 +0000},
	Eprint = {1010.3003},
	Journal = {CoRR},
	Timestamp = {Wed, 07 Jun 2017 14:41:29 +0200},
	Title = {Twitter mood predicts the stock market},
	Url = {http://arxiv.org/abs/1010.3003},
	Volume = {abs/1010.3003},
	Year = {2010},
	Bdsk-Url-1 = {http://arxiv.org/abs/1010.3003}}

@article{4,
	Archiveprefix = {arXiv},
	Author = {Quoc V. Le and Tomas Mikolov},
	Bibsource = {dblp computer science bibliography, http://dblp.org},
	Biburl = {http://dblp.org/rec/bib/journals/corr/LeM14},
	Date-Added = {2017-12-11 05:46:19 +0000},
	Date-Modified = {2017-12-11 05:46:25 +0000},
	Eprint = {1405.4053},
	Journal = {CoRR},
	Timestamp = {Wed, 07 Jun 2017 14:42:08 +0200},
	Title = {Distributed Representations of Sentences and Documents},
	Url = {http://arxiv.org/abs/1405.4053},
	Volume = {abs/1405.4053},
	Year = {2014},
	Bdsk-Url-1 = {http://arxiv.org/abs/1405.4053}}

@article{3,
	Archiveprefix = {arXiv},
	Author = {Tomas Mikolov and Ilya Sutskever and Kai Chen and Greg Corrado and Jeffrey Dean},
	Bibsource = {dblp computer science bibliography, http://dblp.org},
	Biburl = {http://dblp.org/rec/bib/journals/corr/MikolovSCCD13},
	Date-Added = {2017-12-11 05:44:30 +0000},
	Date-Modified = {2017-12-11 05:44:57 +0000},
	Eprint = {1310.4546},
	Journal = {CoRR},
	Timestamp = {Wed, 07 Jun 2017 14:40:03 +0200},
	Title = {Distributed Representations of Words and Phrases and their Compositionality},
	Url = {http://arxiv.org/abs/1310.4546},
	Volume = {abs/1310.4546},
	Year = {2013},
	Bdsk-Url-1 = {http://arxiv.org/abs/1310.4546}}

@article{2,
	Archiveprefix = {arXiv},
	Author = {Tomas Mikolov and Kai Chen and Greg Corrado and Jeffrey Dean},
	Bibsource = {dblp computer science bibliography, http://dblp.org},
	Biburl = {http://dblp.org/rec/bib/journals/corr/abs-1301-3781},
	Date-Added = {2017-12-11 05:43:27 +0000},
	Date-Modified = {2017-12-11 05:45:44 +0000},
	Eprint = {1301.3781},
	Journal = {CoRR},
	Timestamp = {Wed, 07 Jun 2017 14:42:25 +0200},
	Title = {Efficient Estimation of Word Representations in Vector Space},
	Url = {http://arxiv.org/abs/1301.3781},
	Volume = {abs/1301.3781},
	Year = {2013},
	Bdsk-Url-1 = {http://arxiv.org/abs/1301.3781}}

@url{5,
	Author = {Peter Nagy},
	Date-Added = {2017-12-10 12:25:39 +0000},
	Date-Modified = {2017-12-11 05:46:31 +0000},
	Title = {LSTM Sentiment Analysis | Keras},
	Url = {https://www.kaggle.com/ngyptr/lstm-sentiment-analysis-keras},
	Bdsk-Url-1 = {https://www.kaggle.com/ngyptr/lstm-sentiment-analysis-keras}}

@inproceedings{Samih,
	Address = {Austin, TX},
	Author = {Younes Samih and Suraj Maharjan and Mohammed Attia and Laura Kallmeyer and Thamar Solorio},
	Booktitle = {Proceedings of the Second Workshop on Computational Approaches to Code Switching,},
	Date-Modified = {2017-12-10 12:26:53 +0000},
	Pages = {50--59},
	Title = {Multilingual Code-switching Identification via LSTM Recurrent Neural Networks},
	Url = {http://www.aclweb.org/anthology/W/W16/W16-58.pdf#page=62},
	Year = {2016},
	Bdsk-Url-1 = {http://www.aclweb.org/anthology/W/W16/W16-58.pdf#page=62}}
